@inproceedings{wu2023learning,
  title={Learning to invert: Simple adaptive attacks for gradient inversion in federated learning},
  author={Wu, Ruihan and Chen, Xiangyu and Guo, Chuan and Weinberger, Kilian Q},
  booktitle={Uncertainty in Artificial Intelligence},
  year={2023}
}

@inproceedings{yin2021see,
  title={See through gradients: Image batch recovery via gradinversion},
  author={Yin, Hongxu and Mallya, Arun and Vahdat, Arash and Alvarez, Jose M and Kautz, Jan and Molchanov, Pavlo},
  booktitle={Proceedings of the IEEE/CVF Conference on Computer Vision and Pattern Recognition},
  year={2021}
}

@inproceedings{geiping2020inverting,
  title={Inverting gradients-how easy is it to break privacy in federated learning?},
  author={Geiping, Jonas and Bauermeister, Hartmut and Dr{\"o}ge, Hannah and Moeller, Michael},
  booktitle={Advances in Neural Information Processing Systems},
  year={2020}
}

@inproceedings{jeon2021gradient,
  title={Gradient inversion with generative image prior},
  author={Jeon, Jinwoo and Lee, Kangwook and Oh, Sewoong and Ok, Jungseul and others},
  booktitle={Advances in Neural Information Processing Systems},
  year={2021}
}

@inproceedings{fang2023gifd,
  title={GIFD: A Generative Gradient Inversion Method with Feature Domain Optimization},
  author={Fang, Hao and Chen, Bin and Wang, Xuan and Wang, Zhi and Xia, Shu-Tao},
  booktitle={Proceedings of the IEEE/CVF International Conference on Computer Vision},
  year={2023}
}

@inproceedings{zhu2021r,
  title={R-GAP: Recursive Gradient Attack on Privacy},
  author={Zhu, Junyi and Blaschko, Matthew B},
  booktitle={International Conference on Learning Representations},
  year={2021}
}

@inproceedings{zhu2019deep,
  title={Deep leakage from gradients},
  author={Zhu, Ligeng and Liu, Zhijian and Han, Song},
  booktitle={Advances in Neural Information Processing Systems},
  year={2019}
}