@inproceedings{DBLP:conf/iclr/PressSL22,
  author       = {Ofir Press and
                  Noah A. Smith and
                  Mike Lewis},
  title        = {Train Short, Test Long: Attention with Linear Biases Enables Input
                  Length Extrapolation},
  booktitle    = {The Tenth International Conference on Learning Representations, {ICLR}
                  2022, Virtual Event, April 25-29, 2022},
  publisher    = {OpenReview.net},
  year         = {2022},
  url          = {https://openreview.net/forum?id=R8sQPpGCv0},
  timestamp    = {Tue, 27 Dec 2022 12:44:40 +0100},
  biburl       = {https://dblp.org/rec/conf/iclr/PressSL22.bib},
  bibsource    = {dblp computer science bibliography, https://dblp.org}
}

@inproceedings{DBLP:conf/icml/RadfordKHRGASAM21,
  author       = {Alec Radford and
                  Jong Wook Kim and
                  Chris Hallacy and
                  Aditya Ramesh and
                  Gabriel Goh and
                  Sandhini Agarwal and
                  Girish Sastry and
                  Amanda Askell and
                  Pamela Mishkin and
                  Jack Clark and
                  Gretchen Krueger and
                  Ilya Sutskever},
  editor       = {Marina Meila and
                  Tong Zhang},
  title        = {Learning Transferable Visual Models From Natural Language Supervision},
  booktitle    = {Proceedings of the 38th International Conference on Machine Learning,
                  {ICML} 2021, 18-24 July 2021, Virtual Event},
  series       = {Proceedings of Machine Learning Research},
  volume       = {139},
  pages        = {8748--8763},
  publisher    = {{PMLR}},
  year         = {2021},
  url          = {http://proceedings.mlr.press/v139/radford21a.html},
  timestamp    = {Wed, 25 Aug 2021 17:11:17 +0200},
  biburl       = {https://dblp.org/rec/conf/icml/RadfordKHRGASAM21.bib},
  bibsource    = {dblp computer science bibliography, https://dblp.org}
}

@misc{press2017using,
      title={Using the Output Embedding to Improve Language Models},
      author={Ofir Press and Lior Wolf},
      year={2017},
      url={https://arxiv.org/abs/1608.05859},
      eprint={1608.05859},
      archivePrefix={arXiv},
      primaryClass={cs.CL}
}

@misc{hoffmann2022training,
      title={Training Compute-Optimal Large Language Models},
      author={Jordan Hoffmann and Sebastian Borgeaud and Arthur Mensch and Elena Buchatskaya and Trevor Cai and Eliza Rutherford and Diego de Las Casas and Lisa Anne Hendricks and Johannes Welbl and Aidan Clark and Tom Hennigan and Eric Noland and Katie Millican and George van den Driessche and Bogdan Damoc and Aurelia Guy and Simon Osindero and Karen Simonyan and Erich Elsen and Jack W. Rae and Oriol Vinyals and Laurent Sifre},
      year={2022},
      url={https://arxiv.org/abs/2203.15556},
      eprint={2203.15556},
      archivePrefix={arXiv},
      primaryClass={cs.CL}
}

@misc{chowdhery2022palm,
      title={PaLM: Scaling Language Modeling with Pathways},
      author={Aakanksha Chowdhery and Sharan Narang and Jacob Devlin and Maarten Bosma and Gaurav Mishra and Adam Roberts and Paul Barham and Hyung Won Chung and Charles Sutton and Sebastian Gehrmann and Parker Schuh and Kensen Shi and Sasha Tsvyashchenko and Joshua Maynez and Abhishek Rao and Parker Barnes and Yi Tay and Noam Shazeer and Vinodkumar Prabhakaran and Emily Reif and Nan Du and Ben Hutchinson and Reiner Pope and James Bradbury and Jacob Austin and Michael Isard and Guy Gur-Ari and Pengcheng Yin and Toju Duke and Anselm Levskaya and Sanjay Ghemawat and Sunipa Dev and Henryk Michalewski and Xavier Garcia and Vedant Misra and Kevin Robinson and Liam Fedus and Denny Zhou and Daphne Ippolito and David Luan and Hyeontaek Lim and Barret Zoph and Alexander Spiridonov and Ryan Sepassi and David Dohan and Shivani Agrawal and Mark Omernick and Andrew M. Dai and Thanumalayan Sankaranarayana Pillai and Marie Pellat and Aitor Lewkowycz and Erica Moreira and Rewon Child and Oleksandr Polozov and Katherine Lee and Zongwei Zhou and Xuezhi Wang and Brennan Saeta and Mark Diaz and Orhan Firat and Michele Catasta and Jason Wei and Kathy Meier-Hellstern and Douglas Eck and Jeff Dean and Slav Petrov and Noah Fiedel},
      year={2022},
      url={https://arxiv.org/abs/2204.02311},
      eprint={2204.02311},
      archivePrefix={arXiv},
      primaryClass={cs.CL}
}

@misc{tay2022scaling,
      title={Scaling Laws vs Model Architectures: How does Inductive Bias Influence Scaling?},
      author={Yi Tay and Mostafa Dehghani and Samira Abnar and Hyung Won Chung and William Fedus and Jinfeng Rao and Sharan Narang and Vinh Q. Tran and Dani Yogatama and Donald Metzler},
      year={2022},
      url={https://arxiv.org/abs/2207.10551},
      eprint={2207.10551},
      archivePrefix={arXiv},
      primaryClass={cs.LG}
}
