@misc{alet2020metalearning,
      title={Meta-learning curiosity algorithms}, 
      author={{Ferran Alet and Martin F. Schneider and Tomas Lozano-Perez and Leslie Pack Kaelbling}},
      year={2020},
      eprint={2003.05325},
      archivePrefix={arXiv},
      primaryClass={cs.LG}
}

@inproceedings{Schmidhuber1991APF,
  title={A possibility for implementing curiosity and boredom in model-building neural controllers},
  author={J{\"u}rgen Schmidhuber},
  year={1991},
  url={https://api.semanticscholar.org/CorpusID:18060048}
}