@inproceedings{pislar2021should,
  title={When should agents explore?},
  author={Pislar, Miruna and Szepesvari, David and Ostrovski, Georg and Borsa, Diana L and Schaul, Tom},
  booktitle={International Conference on Learning Representations},
  year={2021}
}

@book{power1999play,
  title={Play and exploration in children and animals},
  author={Power, Thomas G},
  year={1999},
  publisher={Psychology Press}
}

@article{gershman2018deconstructing,
  title={Deconstructing the human algorithms for exploration},
  author={Gershman, Samuel J},
  journal={Cognition},
  volume={173},
  pages={34--42},
  year={2018},
  publisher={Elsevier}
}

@article{gershman2018dopaminergic,
  title={Dopaminergic genes are associated with both directed and random exploration},
  author={Gershman, Samuel J and Tzovaras, Bastian Greshake},
  journal={Neuropsychologia},
  volume={120},
  pages={97--104},
  year={2018},
  publisher={Elsevier}
}

@article{ebitz2019tonic,
  title={Tonic exploration governs both flexibility and lapses},
  author={Ebitz, R Becket and Sleezer, Brianna J and Jedema, Hank P and Bradberry, Charles W and Hayden, Benjamin Y},
  journal={PLoS computational biology},
  volume={15},
  number={11},
  pages={e1007475},
  year={2019},
  publisher={Public Library of Science San Francisco, CA USA}
}

@article{costa2019subcortical,
  title={Subcortical substrates of explore-exploit decisions in primates},
  author={Costa, Vincent D and Mitz, Andrew R and Averbeck, Bruno B},
  journal={Neuron},
  volume={103},
  number={3},
  pages={533--545},
  year={2019},
  publisher={Elsevier}
}

@article{waltz2020differential,
  title={Differential effects of psychotic illness on directed and random exploration},
  author={Waltz, James A and Wilson, Robert C and Albrecht, Matthew A and Frank, Michael J and Gold, James M},
  journal={Computational psychiatry (Cambridge, Mass.)},
  volume={4},
  pages={18},
  year={2020},
  publisher={NIH Public Access}
}

@article{mnih2015human,
  title={Human-level control through deep reinforcement learning},
  author={Mnih, Volodymyr and Kavukcuoglu, Koray and Silver, David and Rusu, Andrei A and Veness, Joel and Bellemare, Marc G and Graves, Alex and Riedmiller, Martin and Fidjeland, Andreas K and Ostrovski, Georg and others},
  journal={nature},
  volume={518},
  number={7540},
  pages={529--533},
  year={2015},
  publisher={Nature Publishing Group}
}

@article{kumar2020conservative,
  title={Conservative q-learning for offline reinforcement learning},
  author={Kumar, Aviral and Zhou, Aurick and Tucker, George and Levine, Sergey},
  journal={Advances in Neural Information Processing Systems},
  volume={33},
  pages={1179--1191},
  year={2020}
}

@inproceedings{dabney2018implicit,
  title={Implicit quantile networks for distributional reinforcement learning},
  author={Dabney, Will and Ostrovski, Georg and Silver, David and Munos, R{\'e}mi},
  booktitle={International conference on machine learning},
  pages={1096--1105},
  year={2018},
  organization={PMLR}
}

@article{janner2021offline,
  title={Offline reinforcement learning as one big sequence modeling problem},
  author={Janner, Michael and Li, Qiyang and Levine, Sergey},
  journal={Advances in neural information processing systems},
  volume={34},
  pages={1273--1286},
  year={2021}
}

@inproceedings{kapturowski2018recurrent,
  title={Recurrent experience replay in distributed reinforcement learning},
  author={Kapturowski, Steven and Ostrovski, Georg and Quan, John and Munos, Remi and Dabney, Will},
  booktitle={International conference on learning representations},
  year={2018}
}

@book{sutton2018reinforcement,
  title={Reinforcement learning: An introduction},
  author={Sutton, Richard S and Barto, Andrew G},
  year={2018},
  publisher={MIT press}
}

@inproceedings{eberhard2022pink,
  title={Pink noise is all you need: Colored noise exploration in deep reinforcement learning},
  author={Eberhard, Onno and Hollenstein, Jakob and Pinneri, Cristina and Martius, Georg},
  booktitle={The Eleventh International Conference on Learning Representations},
  year={2022}
}

@article{silver2016mastering,
  title={Mastering the game of Go with deep neural networks and tree search},
  author={Silver, David and Huang, Aja and Maddison, Chris J and Guez, Arthur and Sifre, Laurent and Van Den Driessche, George and Schrittwieser, Julian and Antonoglou, Ioannis and Panneershelvam, Veda and Lanctot, Marc and others},
  journal={nature},
  volume={529},
  number={7587},
  pages={484--489},
  year={2016},
  publisher={Nature Publishing Group}
}

@article{ecoffet2019go,
  title={Go-explore: a new approach for hard-exploration problems},
  author={Ecoffet, Adrien and Huizinga, Joost and Lehman, Joel and Stanley, Kenneth O and Clune, Jeff},
  journal={arXiv preprint arXiv:1901.10995},
  year={2019}
}

@article{burda2018exploration,
  title={Exploration by random network distillation},
  author={Burda, Yuri and Edwards, Harrison and Storkey, Amos and Klimov, Oleg},
  journal={arXiv preprint arXiv:1810.12894},
  year={2018}
}

@inproceedings{dabney2020temporally,
  title={Temporally-Extended Epsilon-Greedy Exploration},
  author={Dabney, Will and Ostrovski, Georg and Barreto, Andre},
  booktitle={International Conference on Learning Representations},
  year={2020}
}

@article{schaul2019adapting,
  title={Adapting behaviour for learning progress},
  author={Schaul, Tom and Borsa, Diana and Ding, David and Szepesvari, David and Ostrovski, Georg and Dabney, Will and Osindero, Simon},
  journal={arXiv preprint arXiv:1912.06910},
  year={2019}
}

@article{turrigiano2004homeostatic,
  title={Homeostatic plasticity in the developing nervous system},
  author={Turrigiano, Gina G and Nelson, Sacha B},
  journal={Nature reviews neuroscience},
  volume={5},
  number={2},
  pages={97--107},
  year={2004},
  publisher={Nature Publishing Group UK London}
}
