@misc{dax_flow_2023,
  title = {Flow {{Matching}} for {{Scalable Simulation-Based Inference}}},
  author = {Dax, Maximilian and Wildberger, Jonas and Buchholz, Simon and Green, Stephen R. and Macke, Jakob H. and Sch{\"o}lkopf, Bernhard},
  year = {2023},
  month = may,
  number = {arXiv:2305.17161},
  eprint = {2305.17161},
  primaryclass = {cs},
  publisher = {{arXiv}},
  urldate = {2023-07-03},
  archiveprefix = {arxiv},
  keywords = {density-estimation,in-progress,normalizing-flows,sbi}
}

@misc{lipman_flow_2023,
  title = {Flow {{Matching}} for {{Generative Modeling}}},
  author = {Lipman, Yaron and Chen, Ricky T. Q. and {Ben-Hamu}, Heli and Nickel, Maximilian and Le, Matt},
  year = {2023},
  month = feb,
  number = {arXiv:2210.02747},
  eprint = {2210.02747},
  primaryclass = {cs, stat},
  publisher = {{arXiv}},
  urldate = {2023-10-19},
  archiveprefix = {arxiv},
  keywords = {density-estimation,in-progress,normalizing-flows}
}

@misc{papamakarios_normalizing_2019,
  title = {Normalizing {{Flows}} for {{Probabilistic Modeling}} and {{Inference}}},
  author = {Papamakarios, George and Nalisnick, Eric and Jimenez Rezende, Danilo and Mohamed, Shakir and Lakshminarayanan, Balaji},
  year = {2019},
  month = dec,
  journal = {arXiv e-prints},
  urldate = {2022-12-16},
  keywords = {in-progress,normalizing-flows,sbi},
  annotation = {ADS Bibcode: 2019arXiv191202762P}
}

@inproceedings{tong_improving_2023,
  title = {Improving and {{Generalizing Flow-Based Generative Models}} with {{Minibatch Optimal Transport}}},
  booktitle = {{{ICML}} 2023 {{Workshop}} on {{New Frontiers}} in {{Learning}}, {{Control}}, and {{Dynamical Systems}}},
  author = {Tong, Alexander and Malkin, Nikolay and Huguet, Guillaume and Zhang, Yanlei and {Rector-Brooks}, Jarrid and Fatras, Kilian and Wolf, Guy and Bengio, Yoshua},
  year = {2023},
  month = jul,
  urldate = {2023-11-07},
  langid = {english},
  keywords = {density-estimation,in-progress,normalizing-flows}
}

@inproceedings{chen_neural_2018,
  title = {Neural {{Ordinary Differential Equations}}},
  booktitle = {Advances in {{Neural Information Processing Systems}}},
  author = {Chen, Ricky T. Q. and Rubanova, Yulia and Bettencourt, Jesse and Duvenaud, David K},
  year = {2018},
  month = dec,
  volume = {31},
  eprint = {1806.07366},
  publisher = {{Curran Associates, Inc.}},
  urldate = {2023-11-14},
  archiveprefix = {arxiv}
}

@misc{papamakarios_normalizing_2019,
  title = {Normalizing {{Flows}} for {{Probabilistic Modeling}} and {{Inference}}},
  author = {Papamakarios, George and Nalisnick, Eric and Jimenez Rezende, Danilo and Mohamed, Shakir and Lakshminarayanan, Balaji},
  year = {2019},
  month = dec,
  journal = {arXiv e-prints},
  urldate = {2022-12-16},
  keywords = {in-progress,normalizing-flows,sbi},
  annotation = {ADS Bibcode: 2019arXiv191202762P}
}
